@book{cormen2009,
  title     = {Introduction to Algorithms},
  author    = {Cormen, Thomas H. and Leiserson, Charles E. and Rivest, Ronald L. and Stein, Clifford},
  edition   = {3},
  year      = {2009},
  publisher = {MIT Press}
}